<record><leader>00000cas a22000007a 4500</leader><controlfield tag="001">18143420</controlfield><controlfield tag="008">880628d18641866ohuwr ne      0    0eng d</controlfield><datafield ind1=" " ind2=" " tag="010"><subfield code="a">sn 88077598 </subfield></datafield><datafield ind1=" " ind2=" " tag="040"><subfield code="a">ONP</subfield><subfield code="b">eng</subfield><subfield code="c">ONP</subfield><subfield code="d">OCL</subfield><subfield code="d">OCLCQ</subfield><subfield code="d">OCLCF</subfield><subfield code="d">OCLCO</subfield><subfield code="d">OCLCA</subfield></datafield><datafield ind1="1" ind2=" " tag="029"><subfield code="a">AU@</subfield><subfield code="b">000020237299</subfield></datafield><datafield ind1=" " ind2=" " tag="042"><subfield code="a">msc</subfield></datafield><datafield ind1=" " ind2=" " tag="043"><subfield code="a">n-us-oh</subfield></datafield><datafield ind1="0" ind2=" " tag="130"><subfield code="a">Delaware County news (Delaware, Ohio : 1864)</subfield></datafield><datafield ind1="1" ind2="4" tag="245"><subfield code="a">The Delaware County news.</subfield></datafield><datafield ind1=" " ind2=" " tag="260"><subfield code="a">Delaware, O. [Ohio] :</subfield><subfield code="b">Theo. P. Reid,</subfield><subfield code="c">1864-1866.</subfield></datafield><datafield ind1=" " ind2=" " tag="300"><subfield code="a">v.</subfield></datafield><datafield ind1=" " ind2=" " tag="310"><subfield code="a">Weekly</subfield></datafield><datafield ind1="0" ind2=" " tag="362"><subfield code="a">Vol. 1, no. 1 (Dec. 1, 1864)-v. 2, no. 31 (July 13, 1866).</subfield></datafield><datafield ind1=" " ind2="0" tag="651"><subfield code="a">Delaware (Ohio)</subfield><subfield code="v">Newspapers.</subfield></datafield><datafield ind1=" " ind2="7" tag="655"><subfield code="a">Newspapers.</subfield><subfield code="2">fast</subfield><subfield code="0">(OCoLC)fst01423814</subfield></datafield><datafield ind1=" " ind2="7" tag="651"><subfield code="a">Ohio</subfield><subfield code="z">Delaware.</subfield><subfield code="2">fast</subfield><subfield code="0">(OCoLC)fst01207058</subfield></datafield><datafield ind1=" " ind2=" " tag="752"><subfield code="a">United States</subfield><subfield code="b">Ohio</subfield><subfield code="c">Delaware</subfield><subfield code="d">Delaware.</subfield></datafield><datafield ind1="0" ind2="0" tag="780"><subfield code="t">Democratic standard (Delaware, Ohio : 1847)</subfield><subfield code="w">(DLC)sn 83035596</subfield></datafield><datafield ind1="0" ind2="0" tag="785"><subfield code="t">Weekly herald (Delaware, Ohio)</subfield><subfield code="w">(DLC)sn 88077599</subfield></datafield></record>